@article{main,
  title={Optimal Transport Maps for Distribution Preserving Operations on Latent Spaces of Generative Models},
  author={Anonymous authors},
  journal={Under review as a conference paper for ICLR 2018, https://openreview.net/pdf?id=SyBBgXWAZ},
  year={2018}
}
